[gd_scene load_steps=3 format=2]

[ext_resource path="res://kerno/fenestroj/tipo_a1.tscn" type="PackedScene" id=1]
[ext_resource path="res://blokoj/taskoj/skriptoj/itinero.gd" type="Script" id=2]

[node name="itinero" instance=ExtResource( 1 )]
margin_left = 221.834
margin_top = 158.58
margin_right = 221.834
margin_bottom = 158.58
script = ExtResource( 2 )

[node name="VBox" parent="." index="0"]
visible = false
margin_right = 312.0

[node name="HBox_top" parent="VBox" index="0"]
margin_right = 312.0

[node name="top_texture2" parent="VBox/HBox_top" index="1"]
margin_right = 312.0

[node name="menuo_name" parent="VBox/HBox_top/top_texture2/HBox_buttons" index="0"]
margin_right = 243.0
text = "Маршруты"

[node name="Button_fix" parent="VBox/HBox_top/top_texture2/HBox_buttons" index="1"]
visible = false
margin_left = 86.0
margin_right = 105.0

[node name="Button_" parent="VBox/HBox_top/top_texture2/HBox_buttons" index="2"]
visible = false

[node name="Button_min" parent="VBox/HBox_top/top_texture2/HBox_buttons" index="3"]
margin_left = 247.0
margin_right = 267.0

[node name="Button_full" parent="VBox/HBox_top/top_texture2/HBox_buttons" index="4"]
visible = false

[node name="Button_x" parent="VBox/HBox_top/top_texture2/HBox_buttons" index="5"]
margin_left = 271.0
margin_right = 290.0

[node name="body_texture" parent="VBox" index="1"]
margin_right = 312.0

[node name="ItemList" type="ItemList" parent="VBox/body_texture" index="3"]
anchor_right = 1.0
anchor_bottom = 1.0
margin_bottom = -26.0
__meta__ = {
"_edit_lock_": true,
"_edit_use_anchors_": false
}

[node name="HBoxContainer" type="HBoxContainer" parent="VBox/body_texture" index="4"]
margin_top = 133.0
margin_right = 312.0
margin_bottom = 156.0
__meta__ = {
"_edit_lock_": true,
"_edit_use_anchors_": false
}

[node name="kom_itinero" type="Button" parent="VBox/body_texture/HBoxContainer" index="0"]
margin_right = 68.0
margin_bottom = 23.0
focus_mode = 0
enabled_focus_mode = 0
text = "Лететь"
__meta__ = {
"_edit_lock_": true,
"_edit_use_anchors_": false
}

[node name="itinero_next" type="Button" parent="VBox/body_texture/HBoxContainer" index="1"]
margin_left = 72.0
margin_right = 152.0
margin_bottom = 23.0
disabled = true
enabled_focus_mode = 0
text = "Пропуск"
__meta__ = {
"_edit_lock_": true,
"_edit_use_anchors_": false
}

[node name="itinero_fin" type="Button" parent="VBox/body_texture/HBoxContainer" index="2"]
margin_left = 156.0
margin_right = 216.0
margin_bottom = 23.0
disabled = true
enabled_focus_mode = 0
text = "Пауза"
__meta__ = {
"_edit_lock_": true
}

[node name="itinero_clear" type="Button" parent="VBox/body_texture/HBoxContainer" index="3"]
margin_left = 220.0
margin_right = 280.0
margin_bottom = 23.0
disabled = true
enabled_focus_mode = 0
text = "Сброс"
__meta__ = {
"_edit_lock_": true
}

[node name="HBox_bottom" parent="VBox" index="2"]
margin_right = 312.0

[node name="bottom_texture1" parent="VBox/HBox_bottom" index="0"]
margin_right = 290.0

[node name="bottom_texture2" parent="VBox/HBox_bottom" index="1"]
margin_left = 290.0
margin_right = 312.0

[connection signal="mouse_entered" from="VBox" to="." method="_on_VBox_mouse_entered"]
[connection signal="focus_entered" from="VBox/body_texture/ItemList" to="." method="_on_ItemList_focus_entered"]
[connection signal="pressed" from="VBox/body_texture/HBoxContainer/kom_itinero" to="." method="_on_kom_itinero_pressed"]
[connection signal="pressed" from="VBox/body_texture/HBoxContainer/itinero_next" to="." method="_on_itinero_next_pressed"]
[connection signal="pressed" from="VBox/body_texture/HBoxContainer/itinero_fin" to="." method="_on_itinero_fin_pressed"]
[connection signal="pressed" from="VBox/body_texture/HBoxContainer/itinero_clear" to="." method="_on_itinero_clear_pressed"]
