[gd_scene load_steps=3 format=2]

[ext_resource path="res://kerno/fenestroj/tipo_a1.tscn" type="PackedScene" id=1]
[ext_resource path="res://blokoj/administri/skriptoj/wablono.gd" type="Script" id=2]

[node name="wablono" instance=ExtResource( 1 )]
margin_left = 218.877
margin_top = 197.168
margin_right = 218.877
margin_bottom = 197.168
script = ExtResource( 2 )

[node name="VBox" parent="." index="0"]
margin_right = 389.0
margin_bottom = 232.0

[node name="HBox_top" parent="VBox" index="0"]
margin_right = 389.0

[node name="top_texture2" parent="VBox/HBox_top" index="1"]
margin_right = 389.0

[node name="menuo_name" parent="VBox/HBox_top/top_texture2/HBox_buttons" index="0"]
margin_right = 321.0
text = "Шаблон"

[node name="Button_fix" parent="VBox/HBox_top/top_texture2/HBox_buttons" index="1"]
visible = false

[node name="Button_" parent="VBox/HBox_top/top_texture2/HBox_buttons" index="2"]
visible = false

[node name="Button_min" parent="VBox/HBox_top/top_texture2/HBox_buttons" index="3"]
margin_left = 325.0
margin_right = 345.0

[node name="Button_full" parent="VBox/HBox_top/top_texture2/HBox_buttons" index="4"]
visible = false

[node name="Button_x" parent="VBox/HBox_top/top_texture2/HBox_buttons" index="5"]
margin_left = 349.0
margin_right = 368.0

[node name="body_texture" parent="VBox" index="1"]
margin_right = 389.0
margin_bottom = 210.0

[node name="ScrollContainer" type="ScrollContainer" parent="VBox/body_texture" index="3"]
anchor_right = 1.0
anchor_bottom = 1.0
size_flags_horizontal = 3
size_flags_vertical = 3
__meta__ = {
"_edit_lock_": true,
"_edit_use_anchors_": true
}

[node name="VBoxContainer" type="VBoxContainer" parent="VBox/body_texture/ScrollContainer" index="0"]
margin_right = 389.0
margin_bottom = 188.0
size_flags_horizontal = 3
size_flags_vertical = 3
__meta__ = {
"_edit_lock_": true
}

[node name="GridContainer" type="GridContainer" parent="VBox/body_texture/ScrollContainer/VBoxContainer" index="0"]
margin_right = 389.0
margin_bottom = 161.0
size_flags_horizontal = 3
size_flags_vertical = 3
columns = 3
__meta__ = {
"_edit_lock_": true
}

[node name="HBoxContainer" type="HBoxContainer" parent="VBox/body_texture/ScrollContainer/VBoxContainer" index="1"]
margin_top = 165.0
margin_right = 389.0
margin_bottom = 188.0
__meta__ = {
"_edit_lock_": true
}

[node name="save" type="Button" parent="VBox/body_texture/ScrollContainer/VBoxContainer/HBoxContainer" index="0"]
margin_right = 99.0
margin_bottom = 23.0
text = "Сохранить"
__meta__ = {
"_edit_lock_": true
}

[node name="delete" type="Button" parent="VBox/body_texture/ScrollContainer/VBoxContainer/HBoxContainer" index="1"]
margin_left = 103.0
margin_right = 183.0
margin_bottom = 23.0
text = "Удалить"
__meta__ = {
"_edit_lock_": true
}

[node name="HBox_bottom" parent="VBox" index="2"]
margin_top = 210.0
margin_right = 389.0
margin_bottom = 232.0

[node name="bottom_texture1" parent="VBox/HBox_bottom" index="0"]
margin_right = 367.0

[node name="bottom_texture2" parent="VBox/HBox_bottom" index="1"]
margin_left = 367.0
margin_right = 389.0
